[
  {
    "name": "Shopify",
    "data": [
      {
        "date": "2025-12-13",
        "revenue": 6695,
        "orders": 67
      },
      {
        "date": "2025-12-14",
        "revenue": 6422,
        "orders": 30
      },
      {
        "date": "2025-12-15",
        "revenue": 7917,
        "orders": 79
      },
      {
        "date": "2025-12-16",
        "revenue": 3879,
        "orders": 73
      },
      {
        "date": "2025-12-17",
        "revenue": 6339,
        "orders": 26
      },
      {
        "date": "2025-12-18",
        "revenue": 6015,
        "orders": 47
      },
      {
        "date": "2025-12-19",
        "revenue": 2775,
        "orders": 32
      },
      {
        "date": "2025-12-20",
        "revenue": 5380,
        "orders": 58
      },
      {
        "date": "2025-12-21",
        "revenue": 4997,
        "orders": 38
      },
      {
        "date": "2025-12-22",
        "revenue": 2854,
        "orders": 75
      },
      {
        "date": "2025-12-23",
        "revenue": 6305,
        "orders": 41
      },
      {
        "date": "2025-12-24",
        "revenue": 4046,
        "orders": 30
      },
      {
        "date": "2025-12-25",
        "revenue": 7533,
        "orders": 78
      },
      {
        "date": "2025-12-26",
        "revenue": 4037,
        "orders": 69
      },
      {
        "date": "2025-12-27",
        "revenue": 4322,
        "orders": 78
      },
      {
        "date": "2025-12-28",
        "revenue": 2842,
        "orders": 56
      },
      {
        "date": "2025-12-29",
        "revenue": 6226,
        "orders": 26
      },
      {
        "date": "2025-12-30",
        "revenue": 6228,
        "orders": 56
      },
      {
        "date": "2025-12-31",
        "revenue": 3075,
        "orders": 59
      },
      {
        "date": "2026-01-01",
        "revenue": 5147,
        "orders": 28
      },
      {
        "date": "2026-01-02",
        "revenue": 2842,
        "orders": 67
      },
      {
        "date": "2026-01-03",
        "revenue": 5287,
        "orders": 47
      },
      {
        "date": "2026-01-04",
        "revenue": 2500,
        "orders": 39
      },
      {
        "date": "2026-01-05",
        "revenue": 6762,
        "orders": 62
      },
      {
        "date": "2026-01-06",
        "revenue": 2147,
        "orders": 62
      },
      {
        "date": "2026-01-07",
        "revenue": 2085,
        "orders": 57
      },
      {
        "date": "2026-01-08",
        "revenue": 2268,
        "orders": 44
      },
      {
        "date": "2026-01-09",
        "revenue": 3929,
        "orders": 36
      },
      {
        "date": "2026-01-10",
        "revenue": 7387,
        "orders": 67
      },
      {
        "date": "2026-01-11",
        "revenue": 5788,
        "orders": 70
      },
      {
        "date": "2026-01-12",
        "revenue": 2829,
        "orders": 28
      },
      {
        "date": "2026-01-13",
        "revenue": 2278,
        "orders": 75
      },
      {
        "date": "2026-01-14",
        "revenue": 4483,
        "orders": 45
      },
      {
        "date": "2026-01-15",
        "revenue": 5781,
        "orders": 43
      },
      {
        "date": "2026-01-16",
        "revenue": 6851,
        "orders": 77
      },
      {
        "date": "2026-01-17",
        "revenue": 7917,
        "orders": 26
      },
      {
        "date": "2026-01-18",
        "revenue": 2954,
        "orders": 20
      },
      {
        "date": "2026-01-19",
        "revenue": 5615,
        "orders": 66
      },
      {
        "date": "2026-01-20",
        "revenue": 4952,
        "orders": 50
      },
      {
        "date": "2026-01-21",
        "revenue": 7432,
        "orders": 72
      },
      {
        "date": "2026-01-22",
        "revenue": 2277,
        "orders": 59
      },
      {
        "date": "2026-01-23",
        "revenue": 4638,
        "orders": 39
      },
      {
        "date": "2026-01-24",
        "revenue": 7273,
        "orders": 80
      },
      {
        "date": "2026-01-25",
        "revenue": 3231,
        "orders": 40
      },
      {
        "date": "2026-01-26",
        "revenue": 5112,
        "orders": 31
      },
      {
        "date": "2026-01-27",
        "revenue": 7424,
        "orders": 63
      },
      {
        "date": "2026-01-28",
        "revenue": 6298,
        "orders": 52
      },
      {
        "date": "2026-01-29",
        "revenue": 3317,
        "orders": 79
      },
      {
        "date": "2026-01-30",
        "revenue": 7712,
        "orders": 27
      },
      {
        "date": "2026-01-31",
        "revenue": 3340,
        "orders": 23
      },
      {
        "date": "2026-02-01",
        "revenue": 5567,
        "orders": 44
      },
      {
        "date": "2026-02-02",
        "revenue": 4622,
        "orders": 45
      },
      {
        "date": "2026-02-03",
        "revenue": 6058,
        "orders": 23
      },
      {
        "date": "2026-02-04",
        "revenue": 7072,
        "orders": 32
      },
      {
        "date": "2026-02-05",
        "revenue": 3718,
        "orders": 54
      },
      {
        "date": "2026-02-06",
        "revenue": 3286,
        "orders": 76
      },
      {
        "date": "2026-02-07",
        "revenue": 2604,
        "orders": 22
      },
      {
        "date": "2026-02-08",
        "revenue": 3897,
        "orders": 37
      },
      {
        "date": "2026-02-09",
        "revenue": 4000,
        "orders": 70
      },
      {
        "date": "2026-02-10",
        "revenue": 5849,
        "orders": 52
      }
    ]
  },
  {
    "name": "Amazon",
    "data": [
      {
        "date": "2025-12-13",
        "revenue": 8206,
        "orders": 65
      },
      {
        "date": "2025-12-14",
        "revenue": 3011,
        "orders": 38
      },
      {
        "date": "2025-12-15",
        "revenue": 2294,
        "orders": 26
      },
      {
        "date": "2025-12-16",
        "revenue": 7669,
        "orders": 48
      },
      {
        "date": "2025-12-17",
        "revenue": 7160,
        "orders": 64
      },
      {
        "date": "2025-12-18",
        "revenue": 4011,
        "orders": 41
      },
      {
        "date": "2025-12-19",
        "revenue": 7096,
        "orders": 53
      },
      {
        "date": "2025-12-20",
        "revenue": 5378,
        "orders": 56
      },
      {
        "date": "2025-12-21",
        "revenue": 7497,
        "orders": 42
      },
      {
        "date": "2025-12-22",
        "revenue": 4575,
        "orders": 27
      },
      {
        "date": "2025-12-23",
        "revenue": 5328,
        "orders": 27
      },
      {
        "date": "2025-12-24",
        "revenue": 5863,
        "orders": 41
      },
      {
        "date": "2025-12-25",
        "revenue": 4682,
        "orders": 75
      },
      {
        "date": "2025-12-26",
        "revenue": 5829,
        "orders": 24
      },
      {
        "date": "2025-12-27",
        "revenue": 6390,
        "orders": 41
      },
      {
        "date": "2025-12-28",
        "revenue": 6336,
        "orders": 67
      },
      {
        "date": "2025-12-29",
        "revenue": 2776,
        "orders": 49
      },
      {
        "date": "2025-12-30",
        "revenue": 8172,
        "orders": 45
      },
      {
        "date": "2025-12-31",
        "revenue": 6530,
        "orders": 33
      },
      {
        "date": "2026-01-01",
        "revenue": 6652,
        "orders": 27
      },
      {
        "date": "2026-01-02",
        "revenue": 2280,
        "orders": 34
      },
      {
        "date": "2026-01-03",
        "revenue": 7685,
        "orders": 85
      },
      {
        "date": "2026-01-04",
        "revenue": 7583,
        "orders": 59
      },
      {
        "date": "2026-01-05",
        "revenue": 5395,
        "orders": 50
      },
      {
        "date": "2026-01-06",
        "revenue": 6072,
        "orders": 78
      },
      {
        "date": "2026-01-07",
        "revenue": 5319,
        "orders": 68
      },
      {
        "date": "2026-01-08",
        "revenue": 4695,
        "orders": 24
      },
      {
        "date": "2026-01-09",
        "revenue": 4329,
        "orders": 67
      },
      {
        "date": "2026-01-10",
        "revenue": 4559,
        "orders": 33
      },
      {
        "date": "2026-01-11",
        "revenue": 4622,
        "orders": 39
      },
      {
        "date": "2026-01-12",
        "revenue": 5010,
        "orders": 45
      },
      {
        "date": "2026-01-13",
        "revenue": 8491,
        "orders": 69
      },
      {
        "date": "2026-01-14",
        "revenue": 7652,
        "orders": 37
      },
      {
        "date": "2026-01-15",
        "revenue": 7165,
        "orders": 41
      },
      {
        "date": "2026-01-16",
        "revenue": 5202,
        "orders": 59
      },
      {
        "date": "2026-01-17",
        "revenue": 5620,
        "orders": 35
      },
      {
        "date": "2026-01-18",
        "revenue": 7215,
        "orders": 61
      },
      {
        "date": "2026-01-19",
        "revenue": 2250,
        "orders": 82
      },
      {
        "date": "2026-01-20",
        "revenue": 7788,
        "orders": 83
      },
      {
        "date": "2026-01-21",
        "revenue": 6777,
        "orders": 73
      },
      {
        "date": "2026-01-22",
        "revenue": 4250,
        "orders": 49
      },
      {
        "date": "2026-01-23",
        "revenue": 7003,
        "orders": 65
      },
      {
        "date": "2026-01-24",
        "revenue": 3596,
        "orders": 49
      },
      {
        "date": "2026-01-25",
        "revenue": 6351,
        "orders": 27
      },
      {
        "date": "2026-01-26",
        "revenue": 3973,
        "orders": 76
      },
      {
        "date": "2026-01-27",
        "revenue": 8128,
        "orders": 28
      },
      {
        "date": "2026-01-28",
        "revenue": 7408,
        "orders": 24
      },
      {
        "date": "2026-01-29",
        "revenue": 4334,
        "orders": 77
      },
      {
        "date": "2026-01-30",
        "revenue": 4925,
        "orders": 65
      },
      {
        "date": "2026-01-31",
        "revenue": 6385,
        "orders": 54
      },
      {
        "date": "2026-02-01",
        "revenue": 5762,
        "orders": 63
      },
      {
        "date": "2026-02-02",
        "revenue": 4670,
        "orders": 76
      },
      {
        "date": "2026-02-03",
        "revenue": 4212,
        "orders": 51
      },
      {
        "date": "2026-02-04",
        "revenue": 7451,
        "orders": 84
      },
      {
        "date": "2026-02-05",
        "revenue": 6256,
        "orders": 57
      },
      {
        "date": "2026-02-06",
        "revenue": 3232,
        "orders": 57
      },
      {
        "date": "2026-02-07",
        "revenue": 4359,
        "orders": 84
      },
      {
        "date": "2026-02-08",
        "revenue": 3304,
        "orders": 81
      },
      {
        "date": "2026-02-09",
        "revenue": 7631,
        "orders": 24
      },
      {
        "date": "2026-02-10",
        "revenue": 8486,
        "orders": 53
      }
    ]
  },
  {
    "name": "TikTok Shop",
    "data": [
      {
        "date": "2025-12-13",
        "revenue": 1926,
        "orders": 43
      },
      {
        "date": "2025-12-14",
        "revenue": 4533,
        "orders": 34
      },
      {
        "date": "2025-12-15",
        "revenue": 3245,
        "orders": 45
      },
      {
        "date": "2025-12-16",
        "revenue": 3750,
        "orders": 34
      },
      {
        "date": "2025-12-17",
        "revenue": 3738,
        "orders": 36
      },
      {
        "date": "2025-12-18",
        "revenue": 4458,
        "orders": 13
      },
      {
        "date": "2025-12-19",
        "revenue": 4693,
        "orders": 12
      },
      {
        "date": "2025-12-20",
        "revenue": 3619,
        "orders": 28
      },
      {
        "date": "2025-12-21",
        "revenue": 4983,
        "orders": 41
      },
      {
        "date": "2025-12-22",
        "revenue": 1848,
        "orders": 32
      },
      {
        "date": "2025-12-23",
        "revenue": 3869,
        "orders": 47
      },
      {
        "date": "2025-12-24",
        "revenue": 4119,
        "orders": 29
      },
      {
        "date": "2025-12-25",
        "revenue": 4810,
        "orders": 35
      },
      {
        "date": "2025-12-26",
        "revenue": 2356,
        "orders": 45
      },
      {
        "date": "2025-12-27",
        "revenue": 2835,
        "orders": 23
      },
      {
        "date": "2025-12-28",
        "revenue": 1240,
        "orders": 49
      },
      {
        "date": "2025-12-29",
        "revenue": 2015,
        "orders": 44
      },
      {
        "date": "2025-12-30",
        "revenue": 3357,
        "orders": 31
      },
      {
        "date": "2025-12-31",
        "revenue": 4216,
        "orders": 36
      },
      {
        "date": "2026-01-01",
        "revenue": 3306,
        "orders": 36
      },
      {
        "date": "2026-01-02",
        "revenue": 2233,
        "orders": 14
      },
      {
        "date": "2026-01-03",
        "revenue": 4885,
        "orders": 38
      },
      {
        "date": "2026-01-04",
        "revenue": 1842,
        "orders": 30
      },
      {
        "date": "2026-01-05",
        "revenue": 1349,
        "orders": 17
      },
      {
        "date": "2026-01-06",
        "revenue": 1959,
        "orders": 27
      },
      {
        "date": "2026-01-07",
        "revenue": 2342,
        "orders": 30
      },
      {
        "date": "2026-01-08",
        "revenue": 4017,
        "orders": 25
      },
      {
        "date": "2026-01-09",
        "revenue": 3978,
        "orders": 40
      },
      {
        "date": "2026-01-10",
        "revenue": 1860,
        "orders": 39
      },
      {
        "date": "2026-01-11",
        "revenue": 1369,
        "orders": 33
      },
      {
        "date": "2026-01-12",
        "revenue": 3623,
        "orders": 37
      },
      {
        "date": "2026-01-13",
        "revenue": 3665,
        "orders": 25
      },
      {
        "date": "2026-01-14",
        "revenue": 2307,
        "orders": 36
      },
      {
        "date": "2026-01-15",
        "revenue": 1683,
        "orders": 32
      },
      {
        "date": "2026-01-16",
        "revenue": 4306,
        "orders": 29
      },
      {
        "date": "2026-01-17",
        "revenue": 4927,
        "orders": 33
      },
      {
        "date": "2026-01-18",
        "revenue": 3226,
        "orders": 16
      },
      {
        "date": "2026-01-19",
        "revenue": 3411,
        "orders": 35
      },
      {
        "date": "2026-01-20",
        "revenue": 4135,
        "orders": 43
      },
      {
        "date": "2026-01-21",
        "revenue": 1546,
        "orders": 42
      },
      {
        "date": "2026-01-22",
        "revenue": 3294,
        "orders": 41
      },
      {
        "date": "2026-01-23",
        "revenue": 2875,
        "orders": 16
      },
      {
        "date": "2026-01-24",
        "revenue": 3432,
        "orders": 31
      },
      {
        "date": "2026-01-25",
        "revenue": 2135,
        "orders": 12
      },
      {
        "date": "2026-01-26",
        "revenue": 3369,
        "orders": 43
      },
      {
        "date": "2026-01-27",
        "revenue": 3726,
        "orders": 35
      },
      {
        "date": "2026-01-28",
        "revenue": 4871,
        "orders": 43
      },
      {
        "date": "2026-01-29",
        "revenue": 3453,
        "orders": 35
      },
      {
        "date": "2026-01-30",
        "revenue": 4227,
        "orders": 33
      },
      {
        "date": "2026-01-31",
        "revenue": 5181,
        "orders": 19
      },
      {
        "date": "2026-02-01",
        "revenue": 2152,
        "orders": 38
      },
      {
        "date": "2026-02-02",
        "revenue": 4197,
        "orders": 48
      },
      {
        "date": "2026-02-03",
        "revenue": 4670,
        "orders": 45
      },
      {
        "date": "2026-02-04",
        "revenue": 1321,
        "orders": 33
      },
      {
        "date": "2026-02-05",
        "revenue": 4816,
        "orders": 43
      },
      {
        "date": "2026-02-06",
        "revenue": 3643,
        "orders": 35
      },
      {
        "date": "2026-02-07",
        "revenue": 2416,
        "orders": 48
      },
      {
        "date": "2026-02-08",
        "revenue": 4066,
        "orders": 47
      },
      {
        "date": "2026-02-09",
        "revenue": 4877,
        "orders": 12
      },
      {
        "date": "2026-02-10",
        "revenue": 2239,
        "orders": 43
      }
    ]
  }
]